@Article{Green1995,
  author =       {Peter J. Green},
  title =        {Reversible Jump Markov Chain Monte Carlo Computation
                  and Bayesian Model Determination},
  journal =      {Biometrika},
  year =         1995,
  volume =    82,
  number =    4,
  pages =     {711--732}}

@Article{Littenberg2009,
  author =       {Tyson B. Littenberg and Neil J Cornish},
  title =        {A Bayesian Approach to the Detection Problem in
                  Gravitational Wave Astronomy},
  journal =      {Physical Review D},
  year =         2009,
  volume =    80,
  pages =     063007,
  eprint =       {arXiv:0902.0368}
}

